@book{Ammann2016,
    doi = {10.1017/9781316771273},
    url = {https://doi.org/10.1017/9781316771273},
    year  = {2016},
    month = {dec},
    publisher = {Cambridge University Press},
    author = {Paul Ammann and Jeff Offutt},
    title = {Introduction to Software Testing}
}

@incollection{Hughes2016,
    doi = {10.1007/978-3-319-30936-1_9},
    url = {https://doi.org/10.1007/978-3-319-30936-1_9},
    year  = {2016},
    publisher = {Springer International Publishing},
    pages = {169--186},
    author = {John Hughes},
    title = {Experiences with {QuickCheck}: Testing the Hard Stuff and Staying Sane},
    booktitle = {A List of Successes That Can Change the World}
}

@article{Kuhn2004,
    doi = {10.1109/tse.2004.24},
    url = {https://doi.org/10.1109/tse.2004.24},
    year  = {2004},
    month = {jun},
    publisher = {Institute of Electrical and Electronics Engineers ({IEEE})},
    volume = {30},
    number = {6},
    pages = {418--421},
    author = {D.R. Kuhn and D.R. Wallace and A.M. Gallo},
    title = {Software fault interactions and implications for software testing},
    journal = {{IEEE} Transactions on Software Engineering}
}

@inproceedings{Claessen2000,
  doi = {10.1145/351240.351266},
  url = {https://doi.org/10.1145/351240.351266},
  year  = {2000},
  publisher = {{ACM} Press},
  author = {Koen Claessen and John Hughes},
  title = {{QuickCheck}: a lightweight tool for random testing of Haskell programs},
  booktitle = {Proceedings of the fifth {ACM} {SIGPLAN} international conference on Functional programming  - {ICFP} {\textquotesingle}00}
}

@incollection{Hughes2010,
  doi = {10.1007/978-3-642-17685-2_6},
  url = {https://doi.org/10.1007/978-3-642-17685-2_6},
  year  = {2010},
  publisher = {Springer Berlin Heidelberg},
  pages = {183--223},
  author = {John Hughes},
  title = {Software Testing with {QuickCheck}},
  booktitle = {Central European Functional Programming School}
}

@incollection{Hughes2006,
  doi = {10.1007/978-3-540-69611-7_1},
  url = {https://doi.org/10.1007/978-3-540-69611-7_1},
  year  = {2006},
  publisher = {Springer Berlin Heidelberg},
  pages = {1--32},
  author = {John Hughes},
  title = {{QuickCheck} Testing for Fun and Profit},
  booktitle = {Practical Aspects of Declarative Languages}
},

@misc{documentation, 
    title={QuickCheck Documentation}, 
    url={http://hackage.haskell.org/package/QuickCheck-2.6/docs/Test-QuickCheck.html}, 
    journal={haskell.org}, 
} 

% https://www.doi2bib.org/
% http://www.citationmachine.net/bibliographies/
